%% This BibTeX bibliography file was created using BibDesk.
%% https://bibdesk.sourceforge.io/

%% Created for Constantin von Crailsheim at 2023-03-30 17:01:40 +0200 


%% Saved with string encoding Unicode (UTF-8) 



@misc{GfG,
	annote = {"[Online; accessed 29/03/2023]"},
	author = {GeeksforGeeks},
	date-added = {2023-03-30 15:46:34 +0200},
	date-modified = {2023-03-30 17:01:36 +0200},
	howpublished = {\url{https://www.geeksforgeeks.org/support-vector-machine-in-machine-learning/}},
	keywords = {SVM, Machine Learning},
	month = {January},
	title = {Support vector machine in Machine Learning},
	year = {2023}}

@inproceedings{dehb,
	author = {N. Awad and N. Mallik and F. Hutter},
	booktitle = {Proceedings of the Thirtieth International Joint Conference on Artificial Intelligence, {IJCAI-21}},
	editor = {Z. Zhou},
	pages = {2147--2153},
	publisher = {ijcai.org},
	title = {{DEHB}: Evolutionary Hyberband for Scalable, Robust and Efficient Hyperparameter Optimization},
	year = {2021}}
